% This file was created with JabRef 2.10.
% Encoding: Cp1252


@Misc{accidents,
  Title                    = {\textit{FÃ¦rdselsuheld 2009}},

  Author                   = {Danmarks Statistik},
  HowPublished             = {url{http://www.dst.dk/Site/Dst/Udgivelser/GetPubFile.aspx?id=15246\&sid=faer}},
  Year                     = {2010},

  Owner                    = {Morten},
  Timestamp                = {2015.09.25}
}

@Misc{snapshot,
  Title                    = {\textit{Snapshot}},

  Author                   = {Progressive},
  HowPublished             = {url{https://www.progressive.com/auto/snapshot/}},
  Year                     = {2015},

  Owner                    = {Morten},
  Timestamp                = {2015.09.25}
}